@book{di2013algebra,
  title={Algebra},
  author={Di Martino, P. and Dvornicich, R.},
  isbn={9788867410958},
  series={Didattica e Ricerca. Manuali},
  year={2013},
  publisher={Pisa University Press},
  shorthand={DM}
}
@book{herstein2010algebra,
  title={Algebra},
  author={Herstein, I.N.},
  isbn={9788864732107},
  year={2010},
  publisher={Editori Riuniti University Press},
  shorthand={H}
}
@Inbook{Remmert1991,
  author="Remmert, R.",
  title="The Fundamental Theorem of Algebra",
  bookTitle="Numbers",
  year="1991",
  publisher="Springer New York",
  address="New York, NY",
  pages="97--122",
  isbn="978-1-4612-1005-4",
  doi="10.1007/978-1-4612-1005-4_5",
  url="https://doi.org/10.1007/978-1-4612-1005-4_5"
}
@article{10.2307/2315810,
  ISSN = {00029890, 19300972},
  URL = {http://www.jstor.org/stable/2315810},
  author = {M. A. Jodeit},
  journal = {The American Mathematical Monthly},
  number = {7},
  pages = {835--836},
  publisher = {Mathematical Association of America},
  title = {Uniqueness in the Division Algorithm},
  volume = {74},
  year = {1967}
}