@book{di2013algebra,
  title={Algebra},
  author={Di Martino, P. and Dvornicich, R.},
  isbn={9788867410958},
  series={Didattica e Ricerca. Manuali},
  year={2013},
  publisher={Pisa University Press},
  shorthand={DM}
}