@article{10.2307/2315810,
	ISSN = {00029890, 19300972},
	URL = {http://www.jstor.org/stable/2315810},
	author = {M. A. Jodeit},
	journal = {The American Mathematical Monthly},
	number = {7},
	pages = {835--836},
	publisher = {Mathematical Association of America},
	title = {Uniqueness in the Division Algorithm},
	volume = {74},
	year = {1967}
}