@book{herstein2010algebra,
	title={Algebra},
	author={Herstein, I.N.},
	isbn={9788864732107},
	year={2010},
	publisher={Editori Riuniti University Press},
	shorthand={H}
}